@inproceedings{Kempka2016ViZDoom,
  author    = {Micha{\l} Kempka and Marek Wydmuch and Grzegorz Runc and Jakub Toczek and Wojciech Ja\'skowski},
  title     = {{ViZDoom}: A {D}oom-based {AI} Research Platform for Visual Reinforcement Learning},
  booktitle = {IEEE Conference on Computational Intelligence and Games},  
  year      = {2016},
  url       = {http://arxiv.org/abs/1605.02097},
  address   = {Santorini, Greece},
  Month     = {Sep},
  Pages     = {20--23},
  Publisher = {IEEE},
  Note      = {The best paper award}
}

@article{hausknecht2015deep,
  title={Deep recurrent q-learning for partially observable mdps},
  author={Hausknecht, Matthew and Stone, Peter},
  journal={arXiv preprint arXiv:1507.06527},
  url       = {https://arxiv.org/abs/1507.06527},
  year={2015}
}

@article{lample2016playing,
  title={Playing FPS Games with Deep Reinforcement Learning},
  author={Lample, Guillaume and Chaplot, Devendra Singh},
  journal={arXiv preprint arXiv:1609.05521},
  year={2016}
}

@article{hafner2016deep,
  title={Deep Reinforcement Learning From Raw Pixels in Doom},
  author={Hafner, Danijar},
  journal={arXiv preprint arXiv:1610.02164},
  year={2016}
}

@article{mnih2015human,
  title={Human-level control through deep reinforcement learning},
  author={Mnih, Volodymyr and Kavukcuoglu, Koray and Silver, David and Rusu, Andrei A and Veness, Joel and Bellemare, Marc G and Graves, Alex and Riedmiller, Martin and Fidjeland, Andreas K and Ostrovski, Georg and others},
  journal={Nature},
  volume={518},
  number={7540},
  pages={529--533},
  year={2015},
  publisher={Nature Publishing Group}
}

@article{silver2016mastering,
  title={Mastering the game of Go with deep neural networks and tree search},
  author={Silver, David and Huang, Aja and Maddison, Chris J and Guez, Arthur and Sifre, Laurent and Van Den Driessche, George and Schrittwieser, Julian and Antonoglou, Ioannis and Panneershelvam, Veda and Lanctot, Marc and others},
  journal={Nature},
  volume={529},
  number={7587},
  pages={484--489},
  year={2016},
  publisher={Nature Publishing Group}
}

@book{belmman1957,
    title={Dynamic Programming},
    author={Bellman, R.E.},
    publisher={Princeton University Press, Princeton},
    year={1957}
}

@article{kurekdeep,
  title={Deep Reinforcement Learning in Keepaway Soccer},
  author={Kurek, Mateusz},
  publisher={Citeseer}
}